<collection xmlns="http://www.loc.gov/MARC21/slim"><record><leader>00831nam  2200241   450</leader><controlfield tag="001">471</controlfield><controlfield tag="003">http://montalegre.opacnet.com/OPAC/default.aspx?ContentAreaControl=ShowRegHoldings.ascx&amp;RegNo=16662</controlfield><datafield tag="095" ind1=" " ind2=" "><subfield code="a">PTBN00027825</subfield></datafield><datafield tag="100" ind1=" " ind2=" "><subfield code="a">19840501d1984    m  y0pora010305  ba</subfield></datafield><datafield tag="101" ind1="1" ind2=" "><subfield code="a">por</subfield><subfield code="c">eng</subfield></datafield><datafield tag="102" ind1=" " ind2=" "><subfield code="a">PT</subfield></datafield><datafield tag="200" ind1="1" ind2=" "><subfield code="a">&lt;O &gt;nó do problema</subfield><subfield code="f">Graham Greene</subfield><subfield code="g">pref. Manuel Antunes</subfield><subfield code="g">trad. J. P. de Barreto-Mendonça</subfield></datafield><datafield tag="205" ind1=" " ind2=" "><subfield code="a">2ª ed</subfield></datafield><datafield tag="210" ind1=" " ind2=" "><subfield code="a">Lisboa</subfield><subfield code="c">Ulisseia</subfield><subfield code="d">imp. 1984</subfield></datafield><datafield tag="215" ind1=" " ind2=" "><subfield code="a">400 p.</subfield><subfield code="d">22 cm</subfield></datafield><datafield tag="225" ind1="2" ind2=" "><subfield code="a">Clássicos do romance contemporâneo</subfield><subfield code="v">3</subfield></datafield><datafield tag="304" ind1=" " ind2=" "><subfield code="a">Tít. orig. The heart of the matter</subfield></datafield><datafield tag="675" ind1=" " ind2=" "><subfield code="a">821</subfield><subfield code="v">BN</subfield><subfield code="z">por</subfield></datafield><datafield tag="700" ind1=" " ind2="1"><subfield code="a">Greene</subfield><subfield code="b">Graham</subfield><subfield code="f">1904-1991</subfield></datafield><datafield tag="702" ind1=" " ind2="1"><subfield code="a">Antunes</subfield><subfield code="b">Manuel</subfield><subfield code="4">080</subfield></datafield><datafield tag="702" ind1=" " ind2="1"><subfield code="a">Mendonça</subfield><subfield code="b">J. P. de Barreto</subfield><subfield code="4">730</subfield></datafield><datafield tag="801" ind1=" " ind2="0"><subfield code="a">PT</subfield><subfield code="b">Biblioteca Municipal de Montalegre</subfield><subfield code="g">RPC</subfield></datafield><datafield tag="856" ind1=" " ind2=" "><subfield code="u">locateMedia.asp?cod=20060517143143&amp;ext=jpg</subfield><subfield code="z">CAPA</subfield></datafield><datafield tag="909" ind1="&#9;" ind2=" "><subfield code="a">1</subfield></datafield><datafield tag="966" ind1=" " ind2=" "><subfield code="a">0008466</subfield><subfield code="l">BMM</subfield><subfield code="s">SCG 821 GRE nó 3</subfield></datafield></record></collection>